<record><leader>00000cas a22000007a 4500</leader><controlfield tag="001">32235268</controlfield><controlfield tag="008">950331d18501851tnudn ne      0    0eng d</controlfield><datafield ind1=" " ind2=" " tag="010"><subfield code="a">sn 95062748 </subfield></datafield><datafield ind1=" " ind2=" " tag="040"><subfield code="a">CUY</subfield><subfield code="b">eng</subfield><subfield code="c">CNK</subfield><subfield code="d">TGN</subfield><subfield code="d">NVK</subfield><subfield code="d">OCL</subfield><subfield code="d">OCLCQ</subfield><subfield code="d">OCLCF</subfield><subfield code="d">OCLCO</subfield></datafield><datafield ind1=" " ind2=" " tag="042"><subfield code="a">msc</subfield></datafield><datafield ind1=" " ind2=" " tag="043"><subfield code="a">n-us-tn</subfield></datafield><datafield ind1="0" ind2=" " tag="130"><subfield code="a">Daily Nashville union (Nashville, Tenn. : 1850)</subfield></datafield><datafield ind1="1" ind2="0" tag="245"><subfield code="a">Daily Nashville union.</subfield></datafield><datafield ind1=" " ind2=" " tag="260"><subfield code="a">Nashville [Tenn.] :</subfield><subfield code="b">Harvey M. Watterson,</subfield><subfield code="c">1850-1851.</subfield></datafield><datafield ind1=" " ind2=" " tag="300"><subfield code="a">v.</subfield></datafield><datafield ind1=" " ind2=" " tag="310"><subfield code="a">Daily (except Sun.)</subfield></datafield><datafield ind1="0" ind2=" " tag="362"><subfield code="a">Vol. 4, no. 138 (Sept. 9, 1850)-v. 7, no. 260 (Dec. 25, 1851).</subfield></datafield><datafield ind1=" " ind2=" " tag="530"><subfield code="a">Available on microfilm from Tennessee State Library and Archives.</subfield></datafield><datafield ind1=" " ind2="0" tag="651"><subfield code="a">Nashville (Tenn.)</subfield><subfield code="v">Newspapers.</subfield></datafield><datafield ind1=" " ind2="0" tag="651"><subfield code="a">Davidson County (Tenn.)</subfield><subfield code="v">Newspapers.</subfield></datafield><datafield ind1=" " ind2="7" tag="655"><subfield code="a">Newspapers.</subfield><subfield code="2">fast</subfield><subfield code="0">(OCoLC)fst01423814</subfield></datafield><datafield ind1=" " ind2="7" tag="651"><subfield code="a">Tennessee</subfield><subfield code="z">Davidson County.</subfield><subfield code="2">fast</subfield><subfield code="0">(OCoLC)fst01205346</subfield></datafield><datafield ind1=" " ind2="7" tag="651"><subfield code="a">Tennessee</subfield><subfield code="z">Nashville.</subfield><subfield code="2">fast</subfield><subfield code="0">(OCoLC)fst01204195</subfield></datafield><datafield ind1=" " ind2=" " tag="752"><subfield code="a">United States</subfield><subfield code="b">Tennessee</subfield><subfield code="c">Davidson</subfield><subfield code="d">Nashville.</subfield></datafield><datafield ind1="0" ind2=" " tag="775"><subfield code="t">Nashville union (Nashville, Tenn. : 1849 : Weekly)</subfield><subfield code="w">(DLC)sn 86053522</subfield></datafield><datafield ind1="0" ind2="0" tag="780"><subfield code="t">Nashville daily union (Nashville, Tenn. : 1850)</subfield><subfield code="w">(DLC)sn 86071263</subfield></datafield><datafield ind1="0" ind2="0" tag="785"><subfield code="t">Nashville union (Nashville, Tenn. : 1851 : Daily)</subfield><subfield code="w">(DLC)sn 86071264</subfield></datafield></record>